@BOOK{LEZIONI,title={Lezioni di Fondamenti di Machine Learning}, author={Silvia Cascianelli}}

@BOOK{STATISTICALLEARNING, title={The Elements of Statistical Learning: Data Mining, Inference, and Prediction: Data Mining, Inference, and Prediction, Second Edition}, author={Trevor Hastie, Robert Tibshirani, Jerome Friedman}}

@ARTICLE{StackOverflow, title={StackOverFlow}}

@BOOK{ML, title={The Hundred-Page Machine Learning Book}, author={Andriy Burkov}}
@BOOK{ML2, title={A tu per tu col Machine Learning. L'incredibile viaggio di un developer nel favoloso mondo della Data Science}, author={Cucci Alessandro}}

@ARTICLE{sklearn, title={scikit-learn.org/stable}}